\begin{thebibliography}{99}s
@BOOK{book1,
  AUTHOR =       {F. Mackenroth },
  TITLE =        {Quantum Radiation in Ultra-Intense Laser Pulses},
   URL=          {10.1007/978-3-319-07740-6},
  YEAR =         {2014},
}
@BOOK{rules,
  AUTHOR =       {V. Ledoux, M. Van Daele},
  TITLE =        {Interpolatory quadrature rules for oscillatory integrals},
   URl=          {1406.5880},
  YEAR =         {2014},
}
@BOOK{fcc,
  AUTHOR =       {V. Dominguez, I. G. Graham, T. Kim},
  TITLE =        {Filon-Clenshaw-Curtis rules for highly-oscillatory integrals with algebraic singularities and stationary points},
   DOI=          {1207.2283},
  YEAR =         {2012},
}
@BOOK{circ,
  AUTHOR =       {M. Condon,A. Deano et al},
  TITLE =        {On numerical methods for highly oscillatory problems in circuit simulation},
   URL=          {11309460},
  YEAR =         {2008},
}

@BOOK{world,
  AUTHOR =       {R. Rosenfelder},
  TITLE =        {On the Numerical Evaluation of a Class of Oscillatory Integrals in Worldline Variational Calculations},
   URL=          {hep-ph/0603161},
  YEAR =         {2006},
}
@BOOK{comp,
  AUTHOR =       {Yunyun Ma, Yuesheng Xu},
  TITLE =        {Computing Highly Oscillatory Integrals},
   URL=          {1507.00641},
  YEAR =         {2015},
}
@BOOK{circ2,
  AUTHOR =       {M. Condon,A. Deano et al},
  TITLE =        {ON HIGHLY OSCILLATORY PROBLEMS ARISINGIN ELECTRONIC ENGINEERING},
   DOI=          {10.1051/m2an/2009024},
  YEAR =         {2009},
}

@BOOK{aer,
  AUTHOR =       {Luoqin Liu, Weidong Su et al},
  TITLE =        {Lift and drag in three-dimensional steady viscous and compressible flow},
   DOI=          {10.1063/1.4989747},
  YEAR =         {2016},
}

  
}
@BOOK{fil,
  AUTHOR =       {Longbin Zhao, C. Huang},
  TITLE =        {An adaptive Filon-type method for oscillatory integrals without stationary points},
   DOI=          {10.1007/s11075-016-0219-3},
  YEAR =         {2016},
}

@BOOK{num,
  AUTHOR =       {P. Davis, P. Rabinowitz },
  TITLE =        {METHODS OF NUMERICAL INTEGRATION},
   DOI=          {},
  YEAR =         {1984},
}

@BOOK{ise,
  AUTHOR =       {A. Iserles, S. P. NÃ¸rsett },
  TITLE =        {Efficient quadrature of highly oscillatory integrals using derivatives
},
   DOI=          {10.1098/rspa.2004.1401},
  YEAR =         {2005},
}
@BOOK{lng,
  AUTHOR =       {L.N.G. Filon},
  TITLE =        {On a Quadrature Formula for Trigonometric Integrals},
   DOI=          {https://doi.org/10.1017/S0370164600026262},
  YEAR =         {1928},
}
@misc{con,
  author = "Boca, Madalina",
  date = "2020",
  howpublished = "personal communication"
}

\end{thebibliography}